@article{cockburn2000costs,
  title={The costs and benefits of pair programming},
  author={Cockburn, Alistair and Williams, Laurie},
  journal={Extreme programming examined},
  pages={223--247},
  year={2000},
  publisher={Addison-Wesley Publishing Co.},
  address = {Reading, MA, USA}
}
@electronic{unittest,
  title = {\texttt{UnitTesting} framework},
  howpublished = {\url{https://github.com/randy3k/UnitTesting}},
  author ={Lai, Randy},
  note = {GitHub Repository, Accessed: April 12, 2014}
}
@electronic{travis-ci,
  title = {Travis Ci - Free Hosted Continuous Integration Platform for the Open-Source Community},
  howpublished = {\url{https://travis-ci.org/}},
  note = {Accessed: April 12, 2014},
  year={2014},
  author = {{Travis CI GmbH}},
  publisher = {Travis CI GmbH}, 
  address = {Prinzessinnenstr. 20, 10969 Berlin, Germany}
}
@electronic{github,
  title = {GitHub},
  howpublished = {\url{https://github.com/}},
  note = {Accessed: April 12, 2014},
  year = {2014},
  author ={{GitHub Inc.}},
  publisher = {GitHub Inc.},
  address =  {San Francisco, CA, USA}
}
@manual{gh-pages
  title = {GitHub Pages},
  author = {{GitHub Inc.}},
  year = {2014},
  howpublished = {\url{https://pages.github.com/}},
  note = {Accessed: April 12, 2014},
  address =  {San Francisco, CA, USA}
}
@electronic{packagecontrol
	title = {Package Control},
	author = {Bond, Will},
	year = {2014},
	howpublished = {\url{https://sublime.wbond.net/}},
	note = {Accessed: April 12, 2014}
}
@manual{googlecompute
	title = {Google Compute Engine: Virtual Machines at Google Scale},
	author = {{Google Inc.}},
	year = {2014},
	howpublished = {\url{https://developers.google.com/compute/}},
	note = {Accessed: April 12, 2014},
	address = {Mountain View, CA, USA}
}
@book{mythical,
  title={The Mythical Man-Month: Essays On Software Engineering, Anniversary Edition},
  author={Brooks, Frederick P},
  year={1995},
  publisher={Addison-Wesley Professional},
  address = {Reading, MA, USA}
}

